@MISC{CIAA,
  author = {{Proyecto CIAA}},
  title = {Computadora Industrial Abierta Argentina},
  url = {http://proyecto-ciaa.com.ar/devwiki/doku.php?id=start},
  note = {Disponible: 2016-06-25},
  year = {2014}
}

@MISC{lpcopen,
   author =	{{NXP Semiconductors}},
   title =	{LPCOPEN v2.16 Drivers, Middleware and Examples},
   url =		{http://www.nxp.com/products/microcontrollers-and-processors/arm-processors/lpc-cortex-m-mcus/software-tools/lpcopen-libraries-and-examples:LPC-OPEN-LIBRARIES},
   note =	{Disponible: 2016-06-25},
 }
 
@MISC{jaltek,
   author =	{{Jaltek Systems}},
   title =	{Jaltek Systems Web Page},
   url =		{http://www.jaltek.com},
   note =	{Disponible: 2016-10-20},
 }

@MISC{micropython,
   author =	{{MicroPython}},
   title =	{MicroPython - Python for microcontrollers},
   url =		{https://micropython.org},
   note =	{Disponible: 2016-10-20},
 }

@MISC{portmicropythonribelotta,
   author =	{{Martin Ribelotta}},
   title =	{Port de MicroPython para la EDU-CIAA-NXP},
   url =		{https://github.com/martinribelotta/micropython},
   note =	{Disponible: 2016-10-20},
 }

@MISC{edile,
   author =	{{EDILE project}},
   title =	{EDILE Python Editor},
   url =		{https://code.google.com/archive/p/edile/},
   note =	{Disponible: 2016-10-20},
 }


@article{papereducacion,
author={Mauricio Dávila. Marisa Panizzi. Darío Rodríguez. Ramón García-Martínez},
journal={Proceedings XI Congreso de Tecnología en Educación y Educación en Tecnología},
title={Propuesta de Protocolo de Análisis de Dispositivos de Enseñanza de Programación},
year={2016},
pages={428-437},
keywords={Algorítmia, Dispositivos de Enseñanza, Protocolo de Análisis.},
ISBN={978-987-3977-30-5},
url={http://sistemas.unla.edu.ar/sistemas/gisi/papers/TEYET-2016-MD-MP-DR-RGM-TeE.pdf},
month={6},}



@article{papereducacion2,
author={Lisa C. Kaczmarczyk. J. Philip East. Elizabeth R. Petrick. Geoffrey L. Herman.},
journal={SIGCSE '10 Proceedings of the 41st ACM technical symposium on Computer science education.},
title={Identifying Student Misconceptions of Programming},
year={2010},
pages={107-111},
keywords={Curriculum, Concept Inventory, Programming, Misconceptions,Pedagogy, CS1.},
url={http://publish.illinois.edu/glherman/files/2016/03/2010-SIGCSE-Programming-Misconceptions.pdf},
}

@article{papereducacion3,
author={Brito, M. de Sá-Soares.},
journal={Computers in Human Behavior},
title={Assessment frequency in introductory computer programming disciplines},
year={2014},
pages={623-628},
keywords={Assessment frequency,Computer programming,Constructivism,Learning,Novice students,Programming education},
ISSN={07475632},
url={http://fulltext.study/preview/pdf/350717.pdf},
}

@article{papereducacion4,
author={Resnick M. Maloney J. Monroy-Hernández A. Rusk N. Eastmond E. Brennan K. Kafai},
journal={Communications of the ACM},
title={Scratch: programming for all.},
year={2009},
pages={60-67},
url={http://cacm.acm.org/magazines/2009/11/48421-scratch-programming-for-all/fulltext},
}


@MISC{glade,
   author =	{{Glade}},
   title =	{A User Interface Designer.},
   url =		{https://glade.gnome.org},
   note =	{Disponible: 2016-10-20},
 }

@MISC{repoejemplos,
   author =	{{Ernesto Gigliotti}},
   title =	{Proyectos de ejemplo utilizando Micropython en la EDU-CIAA-NXP.},
   url =		{https://github.com/ernesto-g/educiaa-micropython-demos},
   note =	{Disponible: 2016-10-20},
 }

@MISC{bibpython,
   author =	{{Ernesto Gigliotti}},
   title =	{Documentación de bibliotecas Python para la EDU-CIAA-NXP.},
   url =		{http://www.proyecto-ciaa.com.ar/devwiki/doku.php?id=desarrollo:edu-ciaa:edu-ciaa-nxp:python:bibliotecas},
   note =	{Disponible: 2016-10-20},
 }

@article{tdd,
author={James W. Grenning},
title={Test-Driven Development for embedded C},
year={2011},
pages={116-119},
ISBN={978-1-934356-62-3},
}

